
@article{manifesto,
    author=" W. M. P. et al,van der Aalst.",
    title=" Process Mining Manifesto",
    journal="in Business Process Management."
}


@online{tue,
    title= "Tue, BPIC 2017",
    url="https://www.win.tue.nl/bpi/doku.php?id=2017:challenge"
}

@article{ cycletimeprediction,
    author = " R.A. Crooy , B.F. van Dongen , and W.M.P. van der Aalst",
    title = "Cycle Time Prediction: When Will This Case Finally Be Finished?",
    journal = "(CoopIS). Springer",
    pages = "319-336",
    year = "2008"
}

@article{ winner,
    author = "  Ismail Khamitov, Elizaveta Povalyaeva and Artyom Fomenko",
    title = "BPIC 2017: Density Analysis of the Interaction With Clients ",
    pages = "9-15",
    year = "2017"
}


@article{  ,
    author = " ",
    title = " ",
    journal = " ",
    volume = " ",
    pages = " ",
    year = " "
}

@online{  ,
    title= " ",
    url=" "
}